<?xml version="1.0" encoding="UTF-8"?><collection><record><leader>07881ntm a2200661 a 4500</leader><controlfield tag="001">006805268</controlfield><controlfield tag="003">MiAaHDL</controlfield><controlfield tag="005">20190719000000.0</controlfield><controlfield tag="006">m        d        </controlfield><controlfield tag="007">cr bn ---auaua</controlfield><controlfield tag="008">090530s1630    xx            00| ||ara d</controlfield><datafield tag="035" ind1=" " ind2=" "><subfield code="a">(MiU)006805268</subfield></datafield><datafield tag="035" ind1=" " ind2=" "><subfield code="a">sdr-miu006805268</subfield></datafield><datafield tag="040" ind1=" " ind2=" "><subfield code="a">MiU</subfield><subfield code="c">MiU</subfield><subfield code="e">amremm</subfield></datafield><datafield tag="043" ind1=" " ind2=" "><subfield code="a">n-us-mi</subfield></datafield><datafield tag="100" ind1="1" ind2=" "><subfield code="6">880-01</subfield><subfield code="a">Ḥaṭṭāb, Yaḥyá ibn Muḥammad,</subfield><subfield code="d">d. 1585?</subfield></datafield><datafield tag="245" ind1="1" ind2="3"><subfield code="6">880-03</subfield><subfield code="a">al-Ḥaṭṭāb ʻalá mushkilāt al-Risālah,</subfield><subfield code="f">[1040, i.e. 1630].</subfield></datafield><datafield tag="246" ind1="3" ind2=" "><subfield code="i">Title from inscription on front flyleaf recto (p.3):</subfield><subfield code="a">حاشية الشيخ الحطاب على رسالة سيدي عبد الله بن ابي زيد</subfield></datafield><datafield tag="246" ind1="3" ind2=" "><subfield code="6">880-04</subfield><subfield code="i">Title from inscription on upper board lining:</subfield><subfield code="a">حاشية الحطاب على رسالة ابن ابي زيد</subfield></datafield><datafield tag="260" ind1=" " ind2=" "><subfield code="c">[1630].</subfield></datafield><datafield tag="300" ind1=" " ind2=" "><subfield code="a">112 leaves :</subfield><subfield code="b">paper ;</subfield><subfield code="c">208 x 155 (150 x 100) mm.</subfield></datafield><datafield tag="500" ind1=" " ind2=" "><subfield code="a">Shelfmark: Ann Arbor, University of Michigan, Special Collections Library, Isl. Ms. 582</subfield></datafield><datafield tag="500" ind1=" " ind2=" "><subfield code="a">Origin: As appears in colophon on p.227, transcription completed in the first days of Ṣafar 1040 [September 1630].</subfield></datafield><datafield tag="500" ind1=" " ind2=" "><subfield code="a">Accompanying materials: a. Acquisitions slip from Yahuda -- b. Inventory cataloguing slip in hand of Winifred Smeaton Thomas (paginated pp.1-2) -- c. Insert with notes tipped in (paginated pp.47-48).</subfield></datafield><datafield tag="500" ind1=" " ind2=" "><subfield code="a">Former shelfmark: From interior of upper cover and spine label, "IL 86" (likely supplied by Yahuda, see acquisitions slip).</subfield></datafield><datafield tag="500" ind1=" " ind2=" "><subfield code="a">Binding: Pasteboards covered in brown leather ; Type II binding (with flap) ; board linings in pink-tinted laid paper ; upper and lower covers carry blind-stamped scalloped mandorla (filled with symmetrical vegetal composition, evoking cross) and tooled border (repeated floral motifs flanked by zig-zag pattern) ; design continues on flap ; sewn in cream thread, two stations ; worked chevron endbands in light blue and cream, significant damage at head and tail ; overall in quite poor condition with abrasion, staining, lifting and losses of leather (especially spine and flap), minor pest damage, almost fully detached at spine, etc. ; repairs to spine in brown leather.</subfield></datafield><datafield tag="500" ind1=" " ind2=" "><subfield code="a">Support: European laid paper ; mainly with 10 laid lines per cm. (vertical), chain lines spaced 25-27 mm. apart (horizontal), crown-star-crescent watermark (see p.18, 24, 62, etc.) and "B C" [?] under trefoil countermark (see p.20, etc.), sturdy and well-burnished ; at opening another type with 7 laid lines per cm. (vertical), chain lines spaced 25-30 mm. apart (horizontal), and hand / glove watermark (see p.6), fairly thick and sturdy, only lightly burnished.</subfield></datafield><datafield tag="500" ind1=" " ind2=" "><subfield code="a">Decoration: Keywords and abbreviation symbols rubricated ; textual dividers in the form of inverted commas in red and black.</subfield></datafield><datafield tag="500" ind1=" " ind2=" "><subfield code="a">Script: Maghribī ; fine hand in heavy line with sweeping descenders, etc.</subfield></datafield><datafield tag="500" ind1=" " ind2=" "><subfield code="a">Layout: Written in 23 lines per page ; frame-ruled.</subfield></datafield><datafield tag="500" ind1=" " ind2=" "><subfield code="a">Collation: II (4), 10 V(104), IV (112) ; chiefly quinions ; middle of the quire marks in the form of "٢" in outer margin of right-hand leaf ; catchwords present ; foliation in black ink, Hindu-Arabic numerals ; pagination in pencil, Western numerals, supplied during digitization (some inserts paginated).</subfield></datafield><datafield tag="500" ind1=" " ind2=" "><subfield code="a">Colophon: "Scribal," reads "وكان الفراغ من نسخه يوم الاحد اوائل صفر المعظم الخير من عام اربعين والف وصلى الله على سيدنا محمد وعلى اله وصحبه وسلم تسليما"</subfield></datafield><datafield tag="500" ind1=" " ind2=" "><subfield code="a">Explicit: "فيكون مستحبا ولما احتملت صلاته هذا الوجه توقف في ان يقول انه يكره انتهى بانتصار والله اعلم وهذا اخر ما يسر الله جمعه من الحواشي الموجودة جعل الله ذلك خالصا لوجهه الكريم ونفع به كما نفع باصله بجاه سيدنا محمد واله وصحبه وسلم تسليما ولا حول ولا قوة الا بالله العلي العظيم"</subfield></datafield><datafield tag="500" ind1=" " ind2=" "><subfield code="a">Incipit: "... يقول العبد الفقير الى الله تعالى يحيى بن محمد بن محمد الحطاب المالكي لطف الله به امين الحمد لله رب العالمين والعاقبة للمتقين ... وبعد فالموجب لسطور هذا الاوراق اني رأيت نسخة الوالد محمد بن محمد الحطاب من رسالة سيدنا الشيخ الامام ... جمال الدين ابو عبد الله محمد [كذا] بن ابي زيد القيرواني ... محتوية على حواش جميلة متضمنة لتقييدات ... فاردت في هذه الاوراق جمع شملها ونظم عقدها ... جعلت ذلك تذكرة لنفسي ..."</subfield></datafield><datafield tag="500" ind1=" " ind2=" "><subfield code="a">Title from inscription on front flyleaf verso (p.4).</subfield></datafield><datafield tag="500" ind1=" " ind2=" "><subfield code="a">Ms. codex.</subfield></datafield><datafield tag="505" ind1="0" ind2=" "><subfield code="a">3. p.227-p.228 : [assorted excerpts, partially blank].</subfield></datafield><datafield tag="505" ind1="0" ind2=" "><subfield code="a">2. p.12- p.227 : Ḥāshiyat al-Ḥaṭṭāb ʻalá Risālat Ibn Abī Zayd / Yaḥyá ibn Muḥammad ibn Muḥammad al-Ḥaṭṭāb.</subfield></datafield><datafield tag="505" ind1="0" ind2=" "><subfield code="a">1. p.3-p.11 : [contents listings, former owners' marks, various excerpts, etc. ; partially blank].</subfield></datafield><datafield tag="510" ind1="4" ind2=" "><subfield code="a">University of Michigan Library. Manuscripts &amp; papyri : an exhibition arranged for the XXVII International Congress of Orientalists, Ann Arbor, Michigan, August 13-19, 1967. (Ann Arbor, MI [?], 1967),</subfield><subfield code="c">no.73, p.20</subfield></datafield><datafield tag="510" ind1="4" ind2=" "><subfield code="a">Brockelmann, C. GAL,</subfield><subfield code="c">I 178 ; S I 301-301 ; S II 526</subfield></datafield><datafield tag="520" ind1="8" ind2=" "><subfield code="a">Fine copy a collection of glosses compiled by the author from the glosses appearing in a manuscript belonging to his father, Muḥammad ibn Muḥammad al-Ḥaṭṭāb (d.1546?), of al-Risālah, the renowned Mālikī treatise by Abū Muḥammad ʻAbd Allāh ibn Abī Zayd al-Qayrawānī (d. 996). Tables of contents at opening (p.3 and p.5) and contents listing on p.9 indicate that this copy of the text was once part of a collection of works (majmūʻah).</subfield></datafield><datafield tag="538" ind1=" " ind2=" "><subfield code="a">Mode of access: Internet.</subfield></datafield><datafield tag="541" ind1=" " ind2=" "><subfield code="a">Acquired in 1926 from the bookseller Isaac Benjamin S.E. Yahuda via purchase transacted on his behalf by Abraham Shalom Yahuda (1877-1951), his younger brother.</subfield></datafield><datafield tag="546" ind1=" " ind2=" "><subfield code="a">Arabic.</subfield></datafield><datafield tag="561" ind1=" " ind2=" "><subfield code="a">Ownership statement dated 1136 [1723 or 4] on p.9, partially effaced ; three purchase statements on p.11, first (partially effaced) in name of Ibrāhīm ibn Abī al-Qāsim ..[?].. al-Qayrawānī ( ابراهيم بن ابي القاسم القيرواني ) dated 1136 [1723 or 4], another in name of Aḥmad ibn al-Ḥājj Muḥammad al-Shillī (al-Shallī, احمد بن الحاج محمد الشلي ) dated Muḥarram 1235 [October 1819] and final in name of ʻUthmān ibn ... [?] (عثمان ...؟ ; effaced) dated 1317 [1899 or 1900] ; occasional glosses and marginal corrections.</subfield></datafield><datafield tag="600" ind1="1" ind2="0"><subfield code="a">Ibn Abī Zayd al-Qayrawānī, ʻAbd Allāh ibn ʻAbd al-Raḥmān,</subfield><subfield code="d">active 10th century.</subfield><subfield code="t">Risālah.</subfield></datafield><datafield tag="650" ind1=" " ind2="0"><subfield code="a">Manuscripts, Arabic</subfield><subfield code="z">Michigan</subfield><subfield code="z">Ann Arbor.</subfield></datafield><datafield tag="650" ind1=" " ind2="0"><subfield code="a">Malikites</subfield><subfield code="v">Early works to 1800.</subfield></datafield><datafield tag="650" ind1=" " ind2="0"><subfield code="a">Islamic law</subfield><subfield code="x">Interpretation and construction</subfield><subfield code="v">Early works to 1800.</subfield></datafield><datafield tag="700" ind1="0" ind2=" "><subfield code="6">880-06</subfield><subfield code="a">Aḥmad ibn Muḥammad al-Shillī,</subfield><subfield code="d">fl. 1819,</subfield><subfield code="e">former owner.</subfield></datafield><datafield tag="700" ind1="0" ind2=" "><subfield code="6">880-05</subfield><subfield code="a">Ibrāhīm ibn Abī al-Qāsim al-Qayrawānī,</subfield><subfield code="d">fl. 1723,</subfield><subfield code="e">former owner.</subfield></datafield><datafield tag="773" ind1="0" ind2=" "><subfield code="a">Yahuda Collection.</subfield></datafield><datafield tag="880" ind1="0" ind2=" "><subfield code="6">700-06/</subfield><subfield code="a">احمد بن محمد الشلي،</subfield><subfield code="e">مالك سابق.</subfield></datafield><datafield tag="880" ind1="0" ind2=" "><subfield code="6">700-05/</subfield><subfield code="a">ابراهيم بن ابي القاسم القيرواني،</subfield><subfield code="e">مالك سابق.</subfield></datafield><datafield tag="880" ind1="3" ind2=" "><subfield code="6">246-04/</subfield><subfield code="a">Ḥāshiyat al-Ḥaṭṭāb ʻalá Risālat Ibn Abī Zayd</subfield></datafield><datafield tag="880" ind1="1" ind2="2"><subfield code="6">245-03/</subfield><subfield code="a">الحطاب على مشكلات الرسالة,</subfield><subfield code="f">[1040ه, 1630م].</subfield></datafield><datafield tag="880" ind1="1" ind2=" "><subfield code="6">100-01/</subfield><subfield code="a">حطاب، يحيى بن محمد.</subfield></datafield><datafield tag="CID" ind1=" " ind2=" "><subfield code="a">006805268</subfield></datafield><datafield tag="DAT" ind1="0" ind2=" "><subfield code="a">20190719102637.0</subfield><subfield code="b">20190719000000.0</subfield></datafield><datafield tag="DAT" ind1="1" ind2=" "><subfield code="a">20190719090653.0</subfield><subfield code="b">2019-07-19T16:11:40Z</subfield></datafield><datafield tag="DAT" ind1="2" ind2=" "><subfield code="a">2015-10-02T18:00:03Z</subfield></datafield><datafield tag="CAT" ind1=" " ind2=" "><subfield code="a">SDR-MIU</subfield><subfield code="d">EX LIBRIS - ALEPH</subfield><subfield code="l">prepare.pl-004-008</subfield></datafield><datafield tag="FMT" ind1=" " ind2=" "><subfield code="a">BK</subfield></datafield><datafield tag="HOL" ind1=" " ind2=" "><subfield code="0">sdr-miu006805268</subfield><subfield code="a">MiU</subfield><subfield code="b">SDR</subfield><subfield code="c">MIU</subfield><subfield code="p">mdp.39015079127091</subfield><subfield code="s">MIU</subfield><subfield code="1">006805268</subfield></datafield><datafield tag="974" ind1=" " ind2=" "><subfield code="b">MIU</subfield><subfield code="c">MIU</subfield><subfield code="d">20190719</subfield><subfield code="s">lit-dlps-dc</subfield><subfield code="u">mdp.39015079127091</subfield><subfield code="y">1630</subfield><subfield code="r">pd</subfield><subfield code="q">bib</subfield><subfield code="t">non-US bib date1 &lt; 1879</subfield></datafield></record></collection>